@article{Krivodonova,
  title = "Limiters for high-order discontinuous Galerkin methods ",
  journal = "Journal of Computational Physics ",
  volume = "226",
  number = "1",
  pages = "879 - 896",
  year = "2007",
  issn = "0021-9991",
  doi = "http://dx.doi.org/10.1016/j.jcp.2007.05.011",
  url = "http://www.sciencedirect.com/science/article/pii/S0021999107002136",
  author = "Lilia Krivodonova",
  keywords = "Limiters",
  keywords = "High-resolution schemes",
  keywords = "Discontinuous Galerkin methods",
  keywords = "Euler equations"
}

@book{LeVequeFVMforHP,
  author = "Randall J. LeVeque",
  title = {Finite Volume Methods for Hyperbolic Problems},
  publisher = {Cambridge University Press},
  year = {2002},
  isbn = {9780511791253},
  note = {Cambridge Books Online},
  url = {http://dx.doi.org/10.1017/CBO9780511791253}
}

@article{VanLeer1979,
  author = {van Leer, Bram},
  doi = {10.1016/0021-9991(79)90145-1},
  isbn = {0021-9991},
  issn = {10902716},
  journal = {Journal of Computational Physics},
  number = {1},
  pages = {101--136},
  title = {{Towards the ultimate conservative difference scheme. V. A second-order sequel to Godunov's method}},
  volume = {32},
  year = {1979}
}
