@article {sdp,
  author = {Dustin G. Mixon, Soledad Villar, Rachel Ward},
  title = {Clustering subgaussian mixtures by semidefinite programming},
  journal = {pre-print},
  year = 2016,
  month = feb,
  archivePrefix = {arXiv},
  eprinttype = {arxiv},
  eprint = {1602.06612},
  url = {https://arxiv.org/abs/1602.06612}
}

@article{tailbounds,
  author = {Tropp, Joel A.},
  title = {User-Friendly Tail Bounds for Sums of Random Matrices},
  journal = {Found. Comput. Math.},
  issue_date = {August 2012},
  volume = {12},
  number = {4},
  month = aug,
  year = {2012},
  issn = {1615-3375},
  pages = {389--434},
  numpages = {46},
  url = {http://dx.doi.org/10.1007/s10208-011-9099-z},
  doi = {10.1007/s10208-011-9099-z},
  acmid = {2347804},
  publisher = {Springer-Verlag New York, Inc.},
  address = {Secaucus, NJ, USA},
  keywords = {Large deviation, Probability inequality, Random matrix, Sum of independent random variables},
}
